%% This BibTeX bibliography file was created using BibDesk.
%% http://bibdesk.sourceforge.net/


%% Created for Mohammed Sayagh at 2014-12-17 20:24:23 -0500 


%% Saved with string encoding Unicode (UTF-8) 






@url{ref1,
	Date-Added = {2014-12-17 21:01:01 +0000},
	Date-Modified = {2014-12-18 00:43:05 +0000},
	Title = {https://dev.mysql.com/doc/refman/5.0/en/mysql-cluster.html}}

@url{ref2,
	Date-Added = {2014-12-17 21:01:01 +0000},
	Date-Modified = {2014-12-18 00:43:05 +0000},
	Title = {http://cloudpatterns.org/design\_patterns/overview}}

@url{ref3,
	Date-Added = {2014-12-17 21:01:01 +0000},
	Date-Modified = {2014-12-18 00:43:05 +0000},
	Title = {https://msdn.microsoft.com/en-us/library/dn600223.aspx}}

@url{MySQLCluster,
	Date-Added = {2014-12-17 21:01:01 +0000},
	Date-Modified = {2014-12-18 00:43:05 +0000},
	Title = {https://github.com/zorani/MySqlStarCluster}}



@url{MySQLCluster2,
	Date-Added = {2014-12-17 21:01:01 +0000},
	Date-Modified = {2014-12-18 00:43:05 +0000},
	Title = {http://dev.mysql.com/doc/refman/5.6/en/mysql-cluster-install-configuration.html}}

